<record><leader>00000cas a2200000 a 4500</leader><controlfield tag="001">13647256</controlfield><controlfield tag="008">860527d1831183upauwr ne      0    0eng c</controlfield><datafield ind1=" " ind2=" " tag="010"><subfield code="a">sn 86083210 </subfield></datafield><datafield ind1=" " ind2=" " tag="040"><subfield code="a">NPH</subfield><subfield code="b">eng</subfield><subfield code="c">NPH</subfield><subfield code="d">NVF</subfield><subfield code="d">OCLCQ</subfield><subfield code="d">OCLCF</subfield><subfield code="d">OCLCO</subfield></datafield><datafield ind1="1" ind2=" " tag="029"><subfield code="a">AU@</subfield><subfield code="b">000020432032</subfield></datafield><datafield ind1=" " ind2=" " tag="042"><subfield code="a">pcc</subfield></datafield><datafield ind1=" " ind2=" " tag="043"><subfield code="a">n-us-pa</subfield></datafield><datafield ind1="0" ind2="0" tag="245"><subfield code="a">Huntingdon courier.</subfield></datafield><datafield ind1="1" ind2=" " tag="246"><subfield code="i">Published Feb. 27-June 5, 1833 as:</subfield><subfield code="a">Courier</subfield></datafield><datafield ind1=" " ind2=" " tag="260"><subfield code="a">Huntingdon, Pa. :</subfield><subfield code="b">John McCrea</subfield></datafield><datafield ind1=" " ind2=" " tag="300"><subfield code="a">v.</subfield></datafield><datafield ind1=" " ind2=" " tag="310"><subfield code="a">Weekly</subfield></datafield><datafield ind1="1" ind2=" " tag="362"><subfield code="a">Began in 1831; ceased in 1834?</subfield></datafield><datafield ind1=" " ind2=" " tag="500"><subfield code="a">Publishers: John McCrea, &lt;Oct. 19, 1831&gt;; N. Sargent &amp; W.A. Kinsloe, &lt;June 26, 1833&gt;.</subfield></datafield><datafield ind1=" " ind2=" " tag="588"><subfield code="a">Description based on: Vol. 2, no. 15 (Oct. 19, 1831).</subfield></datafield><datafield ind1=" " ind2="0" tag="651"><subfield code="a">Huntingdon (Pa.)</subfield><subfield code="v">Newspapers.</subfield></datafield><datafield ind1=" " ind2="7" tag="655"><subfield code="a">Newspapers.</subfield><subfield code="2">fast</subfield><subfield code="0">(OCoLC)fst01423814</subfield></datafield><datafield ind1=" " ind2="7" tag="651"><subfield code="a">Pennsylvania</subfield><subfield code="z">Huntingdon.</subfield><subfield code="2">fast</subfield><subfield code="0">(OCoLC)fst01227194</subfield></datafield><datafield ind1=" " ind2=" " tag="752"><subfield code="a">United States</subfield><subfield code="b">Pennsylvania</subfield><subfield code="c">Huntingdon</subfield><subfield code="d">Huntingdon.</subfield></datafield><datafield ind1="0" ind2="0" tag="780"><subfield code="t">Huntingdon courier, and Anti-Masonic Republican</subfield><subfield code="w">(DLC)sn 86081900</subfield></datafield></record>